%% LaTeX2e file `bachelorarbeit_lit.bib'
%% generated by the `filecontents' environment
%% from source `bachelorarbeit' on 2018/04/18.
%%
    @book{aristotle:physics,
        author       = {Aristotle},
        title        = {Physics},
        date         = 1929,
        translator   = {Wicksteed, P. H. and Cornford, F. M.},
        publisher    = {G. P. Putnam},
        location     = {New York},
        keywords     = {primary},
        langid       = {english},
        langidopts   = {variant=american},
        shorttitle   = {Physics},
        annotation   = {A \texttt{book} entry with a \texttt{translator} field},
    }
    @online{wikibook,
        title        = {Generating Bibliographies with biblatex and biber},
        organization = {Wikibooks},
        date         = {2016},
        urldate      = {2016-03-07},
        url          = {https://en.wikibooks.org/wiki/LaTeX/Generating_Bibliographies_with_biblatex_and_biber},
        keywords     = {untrusted},
    }
