% This file was created with JabRef 2.10. 
% Encoding: UTF8 
@Book{Goossens1994,
    Title = {The LATEX companion},
    Author = {Goossens, Michel and Mittelbach, Frank and Samarin, Alexander and Souidi, El Mamoun},
    Publisher = {Addisonâˆ’Wesley Reading, Massachusetts},
    Year = {1994},
    Owner = {myname},
    Timestamp = {2014.11.18}
    } @Book{Voss2011,
    Title = {PSTricks},
    Author = {Herbert Voss},
    Publisher = {UIT},
    Year = {2011},
    Address = {Cambridge},
    ISBN = {9781906860134},
    Owner = {myname},
    Pagetotal = {XI, 902},
    Ppn_GVK = {680550704},
    Subtitle = {Graphics and postscript for [TEX] and LATEX},
    Timestamp = {2014.11.19}
}